@book{Geron2020,
  author    = {Geron, Aurelien},
  publisher = {O'Reilly},
  title     = {Hands-On Machine Learning with Scikit-Learn, Keras, and TensorFlow: Concepts, Tools, and Techniques to Build Intelligent Systems},
  year      = {2020}
}

@book{Chollet2021,
  place     = {Shelter Island, NY},
  title     = {Deep Learning with Python, Second Edition},
  publisher = {Manning Publications},
  author    = {Chollet, Francois},
  year      = {2021}
}

@book{Nielsen2015,
  title     = {Neural Networks and Deep Learning},
  publisher = {Determination Press},
  author    = {Nielsen, Michael A.},
  year      = {2015},
  url       = {http://neuralnetworksanddeeplearning.com/index.html}
}

@book{Goodfellow2016,
  author    = {Ian Goodfellow and Yoshua Bengio and Aaron Courville},
  url       = {http://www.deeplearningbook.org},
  publisher = {MIT Press},
  title     = {Deep Learning},
  year      = {2016}
}

